@inproceedings{paper:leader-follower,
  title={Leader/Followers - A design pattern for efficient multi-threaded event demultiplexing and dispatching},
  author={Schmidt, Douglas C and O'Ryan, Carlos and Kircher, Michael and Pyarali, Irfan and others},
  booktitle={University of Washington. http://www.cs.wustl.edu/\~schmidt/PDF/lf.pdf},
  year={2000},
  organization={Citeseer}
}

@misc{paper:disruptor,
  title={Disruptor: High performance alternative to bounded queues for exchanging data between concurrent threads},
  author={Thompson, Martin and Farley, Dave and Barker, Michael and Gee, Patricia and Stewart, Andrew},
  year={2011},
  publisher={Online}
}

@book{book:touchofclass,
 author = {B. Meyer},
 title = {Touch of Class},
 publisher = {Springer},
 year = {2009}
} 

@misc{web:ecma-eiffel,
 title = {{Eiffel ECMA-367 Standard}},
 note = {http://www.ecma-international.org/publications/standards/Ecma-367.htm}
}

@phdthesis{Nienaltowski07,
  title={Practical Framework for Contract-based Concurrent Object-oriented Programming},
  author={Piotr Nienaltowski},
  year={2007},
  school={ETH Zürich}
}

@phdthesis{thesis:scottwest,
  title={Correctness and Execution of Concurrent Object-Oriented Programs},
  author={Scott West},
  year={2014},
  school={ETH Zürich}
}

@misc{web:scoop,
title={SCOOP: Official website},
note = {http://docs.eiffel.com/book/solutions/concurrent-eiffel-scoop}
}

@misc{web:scoop-examples,
title={SCOOP examples},
note = {http://docs.eiffel.com/book/solutions/scoop-examples}
}

@book{book:java-concurrency,
  title={Java concurrency in practice},
  author={B. Goetz, T. Peierls, J. Bloch, J. Dowbeer, D. Holmes, D. Lea},
  isbn={978-0321349606},
  year={2006},
  publisher={Addison-Wesley}
}

@book{book:spp,
  title={Structured Parallel Programming: Patterns for Efficient Computation},
  author={M. McCool, A. Robison, J. Reinders},
  isbn={978-0124159938},
  year={2012},
  publisher={Morgan Kaufmann}
}
@book{book:posa2,
author = {D. Schmidt, M. Stal, H. Rohnert, H. Buschmann},
title = {Pattern-Oriented Software Architecture, Volume 2, Patterns for Concurrent and Networked Objects},
publisher = {Wiley},
year      = {2000}
}

@book{book:cpj,
author = {D. Lea},
title = {Concurrent Programming in Java: Design Principles and Patterns},
edition = {Second},
isbn = {0201310090},
publisher = {Addison-Wesley},
year      = {2000}
}

@misc{book:ppl,
author = {S. Toub},
title = {Patterns for Parallel Programming},
note = {Microsoft Corporation},
year = {2010}
}

@phdthesis {thesis:karinearnout,
author = {Karine Arnout},
title = {From Pattern to Components},
year = {2004},
school = {ETH Zürich}
}

@article {paper:visitor-componentization,
author = {B. Meyer, K. Arnout},
title = {Componentization: The Visitor Example},
journal ={Computer},
volume = {39},
number = {7},
year = {2006},
pages = {23-30},
publisher = {IEEE Computer Society},
address = {Los Alamitos, CA, USA}
}

@inproceedings{paper:task-cancellation,
  author = {Kolesnichenko, Alexey and Nanz, Sebastian and Meyer, Bertrand},
  title = {How to Cancel a Task},
  booktitle = {Proceedings of the 2013 International Conference on Multicore Software
	Engineering, Performance, and Tools (MUSEPAT'13)},
  pages = {61-72},
  year = {2013},
  series = {Lecture Notes in Computer Science},
  publisher = {Springer},
}

@misc {web:ms-tpl,
title = {Microsoft {T}ask {P}arallel {L}ibrary},
note = {http://msdn.microsoft.com/en-us/library/dd460717(v=vs.110).aspx}
}

@misc {web:java-concurrency,
title = {Oracle {J}ava concurrency package},
note = {http://docs.oracle.com/javase/7/docs/api/java/util/concurrent/ package-summary.html}
}

@misc {web:scoop-issues,
title = {SCOOP: Known limitations.},
note = {https://docs.eiffel.com/book/solutions/scoop-implementation}
}

@misc {web:borealis,
title = {Borealis distributed stream processing. Official website.},
note = {http://cs.brown.edu/research/borealis/public/}
}



@inproceedings{paper:tpl,
 author = {Leijen, Daan and Schulte, Wolfram and Burckhardt, Sebastian},
 title = {The Design of a Task Parallel Library},
 booktitle = {Proceedings of the 24th ACM SIGPLAN Conference on Object Oriented Programming Systems Languages and Applications},
 series = {OOPSLA '09},
 year = {2009},
 isbn = {978-1-60558-766-0},
 location = {Orlando, Florida, USA},
 pages = {227--242},
 numpages = {16},
 url = {http://doi.acm.org/10.1145/1640089.1640106},
 doi = {10.1145/1640089.1640106},
 acmid = {1640106},
 publisher = {ACM},
 address = {New York, NY, USA},
 keywords = {domain specific languages, duplicating queue, parallelism, work stealing},
} 

@INPROCEEDINGS{paper:array-slicing,
  author = {Schill, Mischael and Nanz, Sebastian and Meyer, Bertrand},
  title = {Handling Parallelism in a Concurrency Model},
  booktitle = {Proceedings of the 2013 International Conference on Multicore Software
	Engineering, Performance, and Tools (MUSEPAT'13)},
  year = {2013},
  volume = {8063},
  series = {Lecture Notes in Computer Science},
  pages = {37--48},
  publisher = {Springer},
  urltopdf = {http://se.inf.ethz.ch/people/nanz/publications/schill-nanz-meyer_musepat13.pdf}
}

@INPROCEEDINGS{paper:passive-processors,
  author = {Morandi, Benjamin and Nanz, Sebastian and Meyer, Bertrand},
  title = {Safe and Efficient Data Sharing for Message-Passing Concurrency},
  booktitle = {Proceedings of the 16th International Conference on Coordination
	Models and Languages (COORDINATION 2014)},
  year = {2014},
  series = {Lecture Notes in Computer Science},
  volume = {8459},
  publisher = {Springer},
  pages = {99--114},
  urltopdf = {http://se.inf.ethz.ch/people/nanz/publications/morandi-nanz-meyer_coordination14.pdf},
}

@book{book:design-patterns,
 author = {Gamma, Erich and Helm, Richard and Johnson, Ralph and Vlissides, John},
 title = {Design Patterns: Elements of Reusable Object-oriented Software},
 year = {1995},
 isbn = {0-201-63361-2},
 publisher = {Addison-Wesley Longman Publishing Co., Inc.},
 address = {Boston, MA, USA},
} 
